@misc{3Diligent,
    title = {{3Diligent Material Library}},
    year = {2018},
    author = {{3Diligent Corporation}}
}

@article{Roberts_Traditional_AM_15_5_testing,
    title = {{A comparative study of microstructure and high-temperature mechanical properties of 15-5 PH stainless steel processed via additive manufacturing and traditional manufacturing}},
    year = {2018},
    journal = {Progress in Additive Manufacturing},
    author = {Roberts, Dallas and Zhang, Yi and Charit, Indrajit and Zhang, Jing},
    number = {3},
    pages = {183--190},
    volume = {3},
    publisher = {Springer International Publishing},
    url = {http://link.springer.com/10.1007/s40964-018-0051-5},
    isbn = {0123456789},
    doi = {10.1007/s40964-018-0051-5},
    issn = {2363-9512},
    keywords = {15-5 ph stainless steel, Additive manufacturing, Direct metal laser sinterin, additive manufacturing, creep, direct metal laser sintering, tensile testing}
}

@article{SLM_Tensile_Strength,
    title = {{A comparison of the tensile, fatigue, and fracture behavior of Ti-6Al-4V and 15-5 PH stainless steel parts made by selective laser melting}},
    author = {Khalid Rafi, H and Starr, Thomas L and Stucker, Brent E},
    url = {https://link-springer-com.afit.idm.oclc.org/content/pdf/10.1007%2Fs00170-013-5106-7.pdf},
    doi = {10.1007/s00170-013-5106-7}
}

@article{Tan,
    title = {{A Computational Study on Porosity Evolution in Parts Produced by Selective Laser Melting}},
    journal = {Metallurgical and Materials Transactions A},
    author = {Tan, J L and Tang, C and Wong, C H},
    volume = {49},
    url = {https://doi.org/10.1007/s11661-018-4697-x},
    doi = {10.1007/s11661-018-4697-x}
}

@techreport{SurvivabilityArticle,
    title = {{A History of the Survivability Design of Military Aircraft}},
    year = {1998},
    author = {Ball, Robert E. and Atkinson, Dale B.},
    pages = {1--18},
    url = {http://www.dtic.mil/dtic/tr/fulltext/u2/a351434.pdf},
    institution = {Naval Postgraduate School},
    address = {Monterey Bay, CA}
}

@techreport{Mott_Fragmentation_DOE,
    title = {{A Manual for the Prediction of Blast Fragement Loadings on Structure}},
    year = {1981},
    author = {Baker, Wilfred and Westine, Peter and Kulesz, James and Wilbeck, James and Cox, Phineas},
    number = {August},
    pages = {765},
    institution = {Department of Energy},
    address = {Amarillo, TX},
    doi = {10.2172/5892901}
}

@phdthesis{MarquetteEndEffects,
    title = {{A Parametric Investigation and Optimization of a Cylindrical Explosive Charge}},
    year = {2017},
    author = {Ellsworth Beaver, Logan and Ellsworth, Logan},
    url = {http://epublications.marquette.edu/theses_open/425},
    school = {Marquette University}
}

@article{Sternberg,
    title = {{AD-772 480 FRAGMENT WEIGHT DISTRIBUTIONS FROM NATURALLY FRAGMENTING CYLINDERS LOADED WITH VARIOJS EXPLOSIVES Nab{\&}quot;ma Tchic Ifmfinmti Seivi IO lx}},
    author = {Sternberg, H M},
    url = {http://www.dtic.mil/dtic/tr/fulltext/u2/772480.pdf}
}

@article{DebRoy2018,
    title = {{Additive manufacturing of metallic components – Process, structure and properties}},
    year = {2018},
    journal = {Progress in Materials Science},
    author = {DebRoy, T. and Wei, H. L. and Zuback, J. S. and Mukherjee, T. and Elmer, J. W. and Milewski, J. O. and Beese, A. M. and Wilson-Heid, A. and De, A. and Zhang, W.},
    pages = {112--224},
    volume = {92},
    isbn = {9188720411},
    doi = {10.1016/j.pmatsci.2017.10.001},
    issn = {00796425},
    pmid = {25653388},
    keywords = {3D printing, Additive manufacturing, Directed energy deposition, Laser deposition, Powder bed fusion, Printability}
}

@misc{AKSteel_Conventional_SS,
    title = {{AK Steel 15-5 PH STAINLESS STEEL Product Data Bulletin}},
    year = {2017},
    author = {{AK Steel}},
    url = {https://www.aksteel.com/sites/default/files/2018-01/155ph201706.pdf}
}

@inproceedings{15_5PH,
    title = {{Analysis of the Effects of Additive Manufacturing on the Material Properties of 15-5PH Stainless Steel}},
    year = {2017},
    booktitle = {58th AIAA/ASCE/AHS/ASC Structures, Structural Dynamics, and Materials Conference},
    author = {Lum, Eric and Palazotto, Anthony N. and Dempsey, Allison},
    month = {1},
    publisher = {American Institute of Aeronautics and Astronautics},
    url = {http://arc.aiaa.org/doi/10.2514/6.2017-1142},
    address = {Reston, Virginia},
    isbn = {978-1-62410-453-4},
    doi = {10.2514/6.2017-1142}
}

@article{SLM_ductility,
    title = {{Anisotropic tensile behavior of in situ precipitation strengthened Inconel 718 fabricated by additive manufacturing}},
    year = {2017},
    journal = {Materials Science and Engineering A},
    author = {Ni, Mang and Chen, Chao and Wang, Xiaojun and Wang, Pengwei and Li, Ruidi and Zhang, Xiaoyong and Zhou, Kechao},
    pages = {344--351},
    volume = {701},
    url = {https://ac-els-cdn-com.afit.idm.oclc.org/S0921509317308651/1-s2.0-S0921509317308651-main.pdf?_tid=c41e49ca-3a06-4ff9-ab29-6fab00148e45&acdnat=1522711957_d29a0c715ed0d8de3da725e91a79eddf},
    isbn = {09215093},
    doi = {10.1016/j.msea.2017.06.098},
    issn = {09215093},
    keywords = {Anisotropy, Coloumnar grain, IN718, SLM, Selective laser melting}
}

@article{HuangEndEffects,
    title = {{Axial distribution of Fragment Velocities from cylindrical casing under explosive loading}},
    year = {2015},
    author = {Huang, Guang-Yan and Li, Wei and Feng, Shun-Shan},
    url = {https://ac-els-cdn-com.afit.idm.oclc.org/S0734743X14001869/1-s2.0-S0734743X14001869-main.pdf?_tid=a126f643-62dd-49e4-b73b-79fc05719896&acdnat=1529544736_eaa28fd0bb8458b4512e60430b1994ed},
    doi = {10.1016/j.ijimpeng.2014.08.007},
    keywords = {Cylindrical casing, Explosive loading, Flash-radiograph, Fragment velocity, Gurney equation}
}

@article{Jones1980,
    title = {{Ballistics calculations of R. W. Gurney}},
    year = {1980},
    journal = {American Journal of Physics},
    author = {Jones, Gordon E. and Kennedy, James E. and Bertholf, Larry D.},
    number = {4},
    month = {4},
    pages = {264--269},
    volume = {48},
    publisher = {American Association of Physics Teachers},
    url = {http://aapt.scitation.org/doi/10.1119/1.12135},
    doi = {10.1119/1.12135},
    issn = {0002-9505},
    keywords = {BALLISTICS, CALCULATION METHODS, CLASSICAL MECHANICS, DIFFERENTIAL EQUATIONS, EXPLOSIONS, EXPLOSIVES, METALS, R. W. GURNEY, TRAJECTORIES, TUNNELING, VELOCITY}
}

@book{Blast_injury_science_shockwave,
    title = {{Blast Injury Science and Engineering: A Guide for Clinicians and Researchers}},
    year = {2016},
    author = {Bull, A M J and Clasper, J and Mahoney, P F},
    publisher = {Springer International Publishing},
    url = {https://books.google.com/books?id=6wLNCwAAQBAJ},
    isbn = {9783319218670}
}

@article{Grisaro2018a,
    title = {{Characteristics of combined blast and fragments loading}},
    year = {2018},
    journal = {International Journal of Impact Engineering},
    author = {Grisaro, Hezi Y and Dancygier, Avraham N},
    pages = {51--64},
    volume = {116},
    url = {https://doi.org/10.1016/j.ijimpeng.2018.02.004},
    doi = {10.1016/j.ijimpeng.2018.02.004},
    keywords = {Blast, Combined blast and fragments, Fragment impulse, Fragments loading}
}

@article{AM_Fragmentation_GasGun,
    title = {{Critical conditions for failure; stress levels, length scales}},
    year = {2017},
    journal = {Journal of Laser Applications},
    author = {Amott, R and Harris, E J and Winter, R E and Stirk, S M and Chapman, D J and Eakins, D E},
    pages = {120014},
    volume = {1793},
    url = {http://aip.scitation.org/toc/apc/1793/1},
    isbn = {9780735414570},
    doi = {10.1063/1.4971627}
}

@article{Mazonka,
    title = {{Cumulative Probability of Blast Fragmentation Effect}},
    author = {Mazonka, Oleg},
    url = {https://arxiv.org/ftp/arxiv/papers/1304/1304.2285.pdf}
}

@article{ChoiSLMDensity,
    title = {{Densification and microstructural investigation of Inconel 718 parts fabricated by selective laser melting}},
    year = {2017},
    journal = {Powder Technology},
    author = {Choi, Joon Phil and Shin, Gi Hun and Yang, Sangsun and Yang, Dong Yeol and Lee, Jai Sung and Brochu, Mathieu and Yu, Ji Hun},
    pages = {60--66},
    volume = {310},
    publisher = {Elsevier B.V.},
    url = {http://dx.doi.org/10.1016/j.powtec.2017.01.030},
    isbn = {0032-5910},
    doi = {10.1016/j.powtec.2017.01.030},
    issn = {1873328X},
    keywords = {Densification, Inconel 718, Microstructure, Selective laser melting}
}

@book{SinteringDescription,
    title = {{Design and Manufacture of Plastic Components for Multifunctionality : Structural Composites, Injection Molding, and 3D Printing}},
    author = {Goodship, Vannessa and Middleton, Bethany and Cherrington, Ruth},
    url = {https://books.google.com/books?id=RzROBQAAQBAJ&pg=PA179&lpg=PA179&dq=The+beam+either+fully+melts+the+material+in+each+layer,+or+applies+enough+heat+for+the+particles+to+join+together+and+fuse+without+ever+being+fully+melted+(sintering)&source=bl&ots=RMOVg},
    isbn = {9780323353847}
}

@techreport{AFIT_Dempsey,
    title = {{Effects of Additive Manufacturing Methods on the Dynamic Properties of 15-5PH Stainless Steel}},
    author = {Dempsey, Allison A and Air Force Base, Wright-Patterson},
    url = {http://www.dtic.mil/dtic/tr/fulltext/u2/1054545.pdf}
}

@article{EOS_DMLS_History,
    title = {{EOS GmbH – taking the laser lead}},
    year = {2014},
    journal = {Metal Powder Report},
    author = {Nickels, Liz},
    number = {3},
    pages = {24--27},
    volume = {69},
    url = {https://ac-els-cdn-com.afit.idm.oclc.org/S0026065714701328/1-s2.0-S0026065714701328-main.pdf?_tid=afbc074b-0765-4aa3-be5f-59e34c52daf7&acdnat=1538105695_73909f6c5b0b1d65f876812c68405396},
    doi = {10.1016/S0026-0657(14)70132-8}
}

@misc{EOS_StainlessSteel_M290,
    title = {{EOS StainlessSteel PH1 Material Data Sheet}},
    year = {2017},
    author = {{EOS}},
    url = {www.eos.info}
}

@phdthesis{AFIT_Yves,
    title = {{ESTIMATION OF VELOCITY DISTRIBUTION OF FRAGMENTING WARHEADS USING A MODIFIED GURNEY METHOD}},
    year = {1979},
    author = {Charron, Yves J.},
    url = {http://www.dtic.mil/dtic/tr/fulltext/u2/a074759.pdf},
    school = {Air Force Institute of Technology}
}

@article{Jafarlou2018,
    title = {{Evaluation of the mechanical properties of 15cr-5ni stainless steel produced by direct metal laser sintering}},
    year = {2018},
    journal = {Minerals, Metals and Materials Series},
    author = {Jafarlou, D.M. and Champagne, V.K. and Grosse, I.R.},
    pages = {75--84},
    volume = {Part F12},
    isbn = {9783319725253},
    doi = {10.1007/978-3-319-72526-0{\_}8},
    issn = {23671696},
    keywords = {15Cr-5Ni stainless steel, Additive manufacturing, Fracture toughness, Precipitation hardening, Tensile properties}
}

@article{ExpandingFractureBehavior1045Cylinder,
    title = {{Experimental and numerical studies on the expanding fracture behavior of an explosively driven 1045 steel cylinder}},
    year = {2017},
    journal = {International Journal of Impact Engineering},
    author = {Liu, Mingtao and Ren, Guowu and Fan, Cheng and Tang, Tiegang and Wang, Xiaoyan and Hu, Haibo},
    pages = {240--252},
    volume = {109},
    url = {https://ac-els-cdn-com.afit.idm.oclc.org/S0734743X16309071/1-s2.0-S0734743X16309071-main.pdf?_tid=0bd0c1db-ebbb-4ac7-ae52-f3de32d47d9d&acdnat=1529553344_fce5db62d45d056b5dc8d6b9316c3560},
    doi = {10.1016/j.ijimpeng.2017.07.008},
    keywords = {Adiabatic shear bands, Expanding fracture, Fracture mechanism, Fragment size, High strain rates}
}

@article{WangDuctilityExpansion,
    title = {{Experimental study on the expansion of metal cylinders by detonation}},
    year = {2018},
    author = {Wang, Xin Ying and Wang, Shu Shan and Ma, Feng},
    url = {https://ac-els-cdn-com.afit.idm.oclc.org/S0734743X17302841/1-s2.0-S0734743X17302841-main.pdf?_tid=3dcad9f9-1d75-43ee-b8af-75319f523c7c&acdnat=1529552393_da81958e6d009ef2770d0683b4dac52e},
    doi = {10.1016/j.ijimpeng.2017.12.017},
    keywords = {Cylindrical casings, DPS, Detonation driving, Expansion velocity, High-speed framing camera}
}

@book{Cooper1996,
    title = {{Explosives engineering}},
    year = {1996},
    author = {Cooper, Paul W.},
    pages = {460},
    publisher = {Wiley-VCH},
    isbn = {0471186368}
}

@book{GradyMottLegacy,
    title = {{Fragmentation of Rings and Shells: The Legacy of N.F. Mott (Shock Wave and High Pressure Phenomena)}},
    year = {2010},
    author = {Grady, Dennis},
    publisher = {Springer},
    isbn = {364206602X}
}

@article{Mott1947,
    title = {{Fragmentation of shell cases}},
    year = {1947},
    journal = {The Royal Society},
    author = {Mott, N F},
    url = {http://rspa.royalsocietypublishing.org/Downloadedfrom},
    address = {London, United Kingdom}
}

@techreport{GurneyKennedy1970,
    title = {{Gurney Energy of Explosives: Estimation of the Velocity and Impulse Imparted to Driven Metal}},
    year = {1970},
    author = {Kennedy, J.E.},
    url = {https://www.osti.gov/servlets/purl/4441869},
    institution = {Sandia National Laboraties},
    address = {Albuquerque, NM}
}

@article{Ding2017,
    title = {{Heat transfer and fluid flow of molten pool during selective laser melting of AlSi10Mg powder: Simulation and experiment}},
    year = {2017},
    journal = {Journal of Manufacturing Processes},
    author = {Ding, Xueping and Wang, Linzhi},
    pages = {280--289},
    volume = {26},
    url = {https://ac-els-cdn-com.afit.idm.oclc.org/S1526612517300385/1-s2.0-S1526612517300385-main.pdf?_tid=055a85fd-f2f7-4624-8b97-5e12dc73097d&acdnat=1525654972_c33da0d70f4c19116eb06dfc98c71eb6},
    doi = {10.1016/j.jmapro.2017.02.009},
    keywords = {Fluid flow, Heat transfer, Point exposure, Selective laser melting, Simulation}
}

@article{Leung2018,
    title = {{In situ X-ray imaging of defect and molten pool dynamics in laser additive manufacturing}},
    year = {2018},
    journal = {Nature Communications},
    author = {Leung, Chu Lun Alex and Marussi, Sebastian and Atwood, Robert C. and Towrie, Michael and Withers, Philip J. and Lee, Peter D.},
    number = {1},
    pages = {1--10},
    volume = {9},
    publisher = {Springer US},
    url = {http://dx.doi.org/10.1038/s41467-018-03734-7},
    isbn = {4146701803734},
    doi = {10.1038/s41467-018-03734-7},
    issn = {20411723}
}

@article{Cheng2018,
    title = {{Infrared thermal imaging for melt pool analysis in SLM: a feasibility investigation}},
    year = {2018},
    journal = {Virtual and Physical Prototyping},
    author = {Cheng, Bo and Lydon, James and Cooper, Kenneth and Cole, Vernon and Northrop, Paul and Chou, Kevin},
    number = {1},
    pages = {8--13},
    volume = {13},
    publisher = {Taylor {\&} Francis},
    doi = {10.1080/17452759.2017.1392685},
    issn = {17452767},
    keywords = {Selective laser melting, infrared, melt pool, nickel alloy}
}

@book{SLS_not_fully_dense,
    title = {{Laser-induced materials and processes for rapid prototyping}},
    author = {Lü, L. (Li) and Fuh, J. Y. H. and Wong, Y. S. (Yoke-San)},
    pages = {267},
    url = {https://books.google.com/books?id=QW8KBwAAQBAJ&dq=sls+not+fully+dense+slm&source=gbs_navlinks_s},
    isbn = {146151469X}
}

@inproceedings{Rossmann2018,
    title = {{Method for Conducting in situ High Temperature DIC with Simultaneous Synchrotron Measurements under Thermomechanical Load}},
    year = {2018},
    booktitle = {2018 AIAA/ASCE/AHS/ASC Structures, Structural Dynamics, and Materials Conference},
    author = {Rossmann, Lin and Sarley, Brooke and Hernandez, Johnathan and Kenesei, Peter and Almer, Jonathan and Wischek, Janine and Bartsch, Marion and K{\"{o}}ster, Alain and Maurel, Vincent and Raghavan, Seetha},
    doi = {10.2514/6.2018-1375}
}

@techreport{VoidsMK-82,
    title = {{MK-82 Bomb Characterization for the Sympathetic Detonation Study}},
    year = {1988},
    author = {Lucht, Roy and Hantel, Lawrence},
    url = {http://permalink.lanl.gov/object/tr?what=info:lanl-repo/lareport/LA-UR-88-2533},
    institution = {Los Alamos National Laboratory},
    address = {Los Alamos, NM}
}

@article{ModelingMott,
    title = {{Modeling of fragmentation of rapidly expanding cylinders}},
    year = {2005},
    journal = {Appl. Mech},
    author = {Elek, Predrag and Jaramaz, Slobodan},
    number = {2},
    pages = {113--130},
    volume = {32},
    url = {http://www.doiserbia.nb.rs/img/doi/1450-5584/2005/1450-55840502113E.pdf},
    keywords = {Mott frag-mentation model, fragment distribution law, fragmentation, high-explosive projectile}
}

@article{Elek2013,
    title = {{Modeling of the Metal Cylinder Acceleration Under Explosive Loading}},
    year = {2013},
    journal = {Scientific Technical Review},
    author = {Elek, Predrag and Jaramaz, Slobodan and Mickovi{\'{c}}, Dejan},
    number = {2},
    pages = {39--46},
    volume = {63},
    keywords = {analytical model, detonation, detonation effect, detonation wave, finite element method words, numerical simulation, propulsion}
}

@techreport{Ferrite_weaker,
    title = {{NEW DEVELOPMENTS IN HIGH-STRENGTH STAINLESS STEELS}},
    year = {1966},
    author = {Hoenie, A.F. and Roach, D.B.},
    institution = {DEFENSE METALS INFORMATION CENTER},
    address = {Columbus, OH}
}

@article{GrisaroFragmentVelocityDistribution,
    title = {{Numerical study of velocity distribution of fragments caused by explosion of a cylindrical cased charge}},
    year = {2015},
    author = {Grisaro, Hezi and Dancygier, Avraham N},
    url = {https://ac-els-cdn-com.afit.idm.oclc.org/S0734743X15001530/1-s2.0-S0734743X15001530-main.pdf?_tid=696c023e-8e4a-4194-81ba-568c35fe724c&acdnat=1529848370_3d90217e1aaa71ca10efc535b106bfe1},
    doi = {10.1016/j.ijimpeng.2015.06.024},
    keywords = {Cylindrical cased explosive, Fragments, Numerical simulations, Velocity distribution}
}

@article{DICimageObservations,
    title = {{Observations in Explosive Systems with High-Speed Digital Image Correlation}},
    year = {2010},
    journal = {14th International Detonation Symposium},
    author = {Cooper, Marcia A and Reu, Phillip L and Miller, Timothy J},
    pages = {464--473},
    url = {https://www.osti.gov/servlets/purl/1281149}
}

@article{Aboulkhair2014_microscopic_pores,
    title = {{Reducing porosity in AlSi10Mg parts processed by selective laser melting}},
    year = {2014},
    journal = {Additive Manufacturing},
    author = {Aboulkhair, Nesma T and Everitt, Nicola M and Ashcroft, Ian and Tuck, Chris},
    pages = {77--86},
    volume = {1-4},
    url = {www.sciencedirect.com},
    doi = {10.1016/j.addma.2014.08.001},
    keywords = {Additive manufacturing, Al alloys, AlSi10Mg, Microstructure, Porosity, Selective laser melting}
}

@misc{TeledyneRP-80,
    title = {{RP-80 EBW Detonator}},
    year = {2018},
    author = {{Teledyne RISI}},
    url = {http://www.teledynerisi.com/products-services/ebw-detonators/rp-80-ebw-detonator}
}

@article{Sufiiarov2017,
    title = {{ScienceDirect The effect of layer thickness at selective laser melting}},
    year = {2017},
    journal = {Procedia Engineering},
    author = {Sufiiarov, V S and Popovich, A A and Borisov, E V and Polozov, I A and Masaylo, D V and Orlov, A V},
    number = {174},
    pages = {126--134},
    volume = {174},
    url = {www.sciencedirect.com},
    doi = {10.1016/j.proeng.2017.01.179},
    keywords = {addive manufacturing, nickel superalloy, powder metallurgy, selective laser melting}
}

@article{MoxnesRingFragmentationSimulation,
    title = {{Simulation of natural fragmentation of rings cut from warheads}},
    year = {2015},
    journal = {Defence Technology},
    author = {Moxnes, John F. and B{\o}rve, Steinar},
    number = {4},
    pages = {319--329},
    volume = {11},
    doi = {10.1016/j.dt.2015.05.005},
    issn = {22149147},
    keywords = {Expanding ring, Fracture models, Fragmentation, Simulation, Smooth particle, Warhead}
}

@article{Andani2017,
    title = {{Spatter formation in selective laser melting process using multi-laser technology}},
    year = {2017},
    author = {Andani, Mohsen Taheri and Dehghani, Reza and Karamooz-Ravari, Mohammad Reza and Mirzaeifar, Reza and Ni, Jun and Wu, S M},
    url = {https://ac-els-cdn-com.afit.idm.oclc.org/S0264127517306238/1-s2.0-S0264127517306238-main.pdf?_tid=14c18891-bdf8-490c-88bd-984978c7cc71&acdnat=1523664428_5d400f38e2919acc4798e62fa64bf2d4},
    doi = {10.1016/j.matdes.2017.06.040},
    keywords = {High-speed photography, Multi-laser technology, Selective laser melting, Spatter particles, Unmelted region}
}

@article{Furumoto,
    title = {{Study on deformation restraining of metal structure fabricated by selective laser melting}},
    year = {2017},
    journal = {Journal of Materials Processing Technology},
    author = {Furumoto, Tatsuaki and Ogura, Ryoji and Hishida, Kiichi and Hosokawa, Akira and Koyano, Tomohiro and Abe, Satoshi and Ueda, Takashi},
    month = {7},
    pages = {207--214},
    volume = {245},
    url = {http://linkinghub.elsevier.com/retrieve/pii/S0924013617300705},
    doi = {10.1016/j.jmatprotec.2017.02.017},
    issn = {09240136}
}

@techreport{ReuDICapplication,
    title = {{The application of high-speed digital image correlation}},
    year = {2008},
    author = {Reu, Phillip L and Miller, T J},
    number = {February},
    pages = {673--688},
    volume = {43},
    institution = {Sandia National Laboratories},
    address = {Albuquerque, NM},
    doi = {10.1243/03093247JSA414},
    keywords = {digital image correlation, high-speed imaging, speckle correlation, ultra-high-}
}

@article{ArtandApplicationDICReu,
    title = {{THE ART AND APPLICATION OF DIC Introduction to Digital Image Correlation: Best Practices and Applications}},
    year = {2015},
    journal = {Experimental Techniques},
    author = {Reu, Phillip L},
    doi = {10.1111/j.1747-1567.2011.00798.x}
}

@book{survive,
    title = {{The Fundamentals of Aircraft Combat Survivability: Analysis and Design, 2nd Edition}},
    year = {2003},
    author = {Ball, Robert E.},
    month = {1},
    publisher = {American Institute of Aeronautics and Astronautics},
    url = {http://arc.aiaa.org/doi/book/10.2514/4.862519},
    address = {New York},
    isbn = {978-1-56347-582-5},
    doi = {10.2514/4.862519}
}

@techreport{GurneyOriginal,
    title = {{The Initial Velocities of Fragments from Bombs, Shells, and Grenades}},
    year = {1943},
    author = {Gurney, Ronald W.},
    institution = {Ballistic Research Lab},
    address = {Aberdeen Proving Groumd, MD}
}

@article{OverviewofAM_OHara,
    title = {{The metallurgy and processing science of metal additive manufacturing}},
    year = {2016},
    journal = {International Materials Reviews},
    author = {Sames, W. J. and List, F. A. and Pannala, S. and Dehoff, R. R. and Babu, S. S.},
    number = {5},
    pages = {315--360},
    volume = {61},
    isbn = {0950-6608},
    doi = {10.1080/09506608.2015.1116649},
    issn = {17432804},
    keywords = {3D printing, Additive manufacturing review, Advanced manufacturing, Metallurgy}
}

@article{CollateralDamageNPS,
    title = {{THE STRATEGIC AND POLITICAL IMPACTS OF COLLATERAL DAMAGE FROM STRIKE WARFARE}},
    year = {2015},
    author = {Campbell, Calvin M},
    url = {http://www.dtic.mil/dtic/tr/fulltext/u2/a620602.pdf}
}

@book{DrielsWeaponeering,
    title = {{Weaponeering: Conventional Weapon System Effectiveness}},
    year = {2013},
    author = {Driels, M R},
    series = {AIAA education series},
    publisher = {American Institute of Aeronautics {\&} Astronautics},
    address = {Reston, Virigina},
    isbn = {9781600869259}
}

@techreport{Babu2017AManufacturing,
    title = {{A Critical Review on Recent Research Methodologies in Additive Manufacturing}},
    year = {2017},
    booktitle = {Materials Today: Proceedings},
    author = {Babu, BSridhar and Sridhar Babu, B},
    pages = {9049--9059},
    volume = {4},
    url = {www.sciencedirect.comwww.materialstoday.com/proceedings},
    doi = {10.1016/j.matpr.2017.07.258},
    keywords = {Additive manufacturing, Direct Laser Deposition, Electron beam welding, Laser and electron-beam melting processes, Laser melting process, Residual stress reduction}
}

@article{Andani2018AProcess,
    title = {{A study on the effect of energy input on spatter particles creation during selective laser melting process}},
    year = {2018},
    journal = {Additive Manufacturing},
    author = {Andani, Mohsen Taheri and Dehghani, Reza and Karamooz-Ravari, Mohammad Reza and Mirzaeifar, Reza and Ni, Jun and Wu, S M},
    pages = {33--43},
    volume = {20},
    url = {https://ac-els-cdn-com.afit.idm.oclc.org/S2214860417304529/1-s2.0-S2214860417304529-main.pdf?_tid=e47f2ddc-66d2-46cf-9fc3-f942917b03bc&acdnat=1523233198_ec639a34a6e6846d8698bd19ee324047},
    doi = {10.1016/j.addma.2017.12.009},
    keywords = {Additive manufacturing, High-speed photography, Selective laser melting, Spatter particles, Unmelted region}
}

@article{Dong2015AdiabaticSimulation,
    title = {{Adiabatic shearing failure of explosively driven metallic cylinder shell, from experiments to simulation}},
    year = {2015},
    journal = {EPJ Web of Conferences},
    author = {Dong, Xinlong and Yu, Xinlu and Fu, Yingqian and Zhou, Fenghua and Tang, Tiegang and Hu, Haibo},
    pages = {4028},
    volume = {94},
    url = {http://dx.doi.org/10.1051/epjconf/20159404028},
    doi = {10.1051/epjconf/20159404028}
}

@article{Kruth2005BindingMelting,
    title = {{Binding mechanisms in selective laser sintering and selective laser melting}},
    year = {2005},
    journal = {Rapid Prototyping Journal},
    author = {Kruth, J. P. and Mercelis, P. and Van Vaerenbergh, J. and Froyen, L. and Rombouts, M.},
    number = {1},
    pages = {26--36},
    volume = {11},
    isbn = {1355254051},
    doi = {10.1108/13552540510573365},
    issn = {13552546},
    pmid = {23185319},
    keywords = {Coating processes, Lasers, Sintering}
}

@inproceedings{2016CharacterizationComponents,
    title = {{Characterization of Microstructure and Mechanical Properties of Direct Metal Laser Sintered 15-5 PH1 Stainless Steel Powders and Components}},
    year = {2016},
    pages = {13--19},
    isbn = {9783319482545},
    keywords = {15-5 ph1 stainless steel, direct metal laser sintering, powder characteristic}
}

@article{KruthConsolidationManufacturing,
    title = {{Consolidation phenomena in laser and powder-bed based layered manufacturing}},
    journal = {Annals of the CIRP},
    author = {Kruth, J.-P and Levy, G and Klocke, F and Childs, T H C and Leuven, K U},
    number = {2},
    volume = {56},
    url = {https://ac-els-cdn-com.afit.idm.oclc.org/S0007850607001540/1-s2.0-S0007850607001540-main.pdf?_tid=895aaba2-96a6-40d0-8284-0cb28b397753&acdnat=1537987644_27e8382d000bfd515ab7c7d381731eaa},
    doi = {10.1016/j.cirp.2007.10.004},
    keywords = {Rapid Prototyping and Manufacturing, Selective Laser Melting (SLM), Selective Laser Sintering (SLS)}
}

@article{Carlton2015DamageSteel,
    title = {{Damage evolution and failure mechanisms in additively manufactured stainless steel}},
    year = {2015},
    journal = {Materials Science {\&} Engineering A},
    author = {Carlton, Holly D and Haboub, Abdel and Gallegos, Gilbert F and Parkinson, Y and Macdowell, Alastair A},
    pages = {406--414},
    volume = {651},
    url = {http://dx.doi.org/10.1016/j.msea.2015.10.073},
    doi = {10.1016/j.msea.2015.10.073},
    keywords = {Additive manufacturing, Porosity distribution, Selective laser melting, Stainless steel, Synchrotron Radiation micro-Tomography}
}

@article{Hiroe2008DeformationLocations,
    title = {{Deformation and fragmentation behaviour of exploded metal cylinders and the effects of wall materials, configuration, explosive energy and initiated locations}},
    year = {2008},
    journal = {International Journal of Impact Engineering},
    author = {Hiroe, T and Fujiwara, K and Hata, H and Takahashi, H},
    number = {12},
    pages = {1578--1586},
    volume = {35},
    url = {https://ac-els-cdn-com.afit.idm.oclc.org/S0734743X08001334/1-s2.0-S0734743X08001334-main.pdf?_tid=dfec1396-4488-4538-856f-38ade9476ccc&acdnat=1538358756_cdabb1017edced53b3b717592e8389f1},
    doi = {10.1016/j.ijimpeng.2008.07.002},
    keywords = {Cylinder expansion, Explosive loading, Fragmentation, Wire explosion technique}
}

@techreport{KhaingDirectParts,
    title = {{Direct metal laser sintering for rapid tooling: processing and characterisation of EOS parts}},
    author = {Khaing, M W and Fuh, J Y H and Lu, L},
    url = {https://ac-els-cdn-com.afit.idm.oclc.org/S0924013601005842/1-s2.0-S0924013601005842-main.pdf?_tid=44a4db40-80b7-4bf1-99d2-c3ade9f3a1c6&acdnat=1537997347_ea92d9c6a407648e9e84c3256498315e},
    keywords = {Laser sintering, Rapid prototyping, Rapid tooling}
}

@article{Ren2016DynamicShell,
    title = {{Dynamic shear fracture of an explosively-driven metal cylindrical shell}},
    year = {2016},
    journal = {International Journal of Impact Engineering},
    author = {Ren, Guowu and Guo, Zhaoliang and Fan, Cheng and Tang, Tiegang and Hu, Haibo},
    pages = {35--39},
    volume = {95},
    url = {https://ac-els-cdn-com.afit.idm.oclc.org/S0734743X16302147/1-s2.0-S0734743X16302147-main.pdf?_tid=824cacfd-0fd8-45b4-ace1-3bac7203fd0e&acdnat=1529553031_0b047c073580b9cf42593b5ee244a397},
    doi = {10.1016/j.ijimpeng.2016.04.012},
    keywords = {Cylindrical shell, PDV array, Shear fracture, Sliding velocity, Velocity profile}
}

@article{AlafaghaniEffectMetals,
    title = {{Effect of manufacturing parameters on the microstructure and mechanical properties of metal laser sintering parts of precipitate hardenable metals}},
    author = {Alafaghani, aldin and Qattawi, Ala and Alberto Garza Casta{\~{n}}{\'{o}}n, Mauricio},
    url = {https://doi.org/10.1007/s00170-018-2586-5},
    doi = {10.1007/s00170-018-2586-5},
    keywords = {Design for manufacturing, Direct metal laser sintering, Elevated temperature, Mechanical properties, Metal additive manufacturing, Microstructure}
}

@techreport{Kennedy1972EXPLOSIVEMETAL,
    title = {{EXPLOSIVE OUTPUT FOR DRIVING METAL}},
    year = {1972},
    author = {Kennedy, J.E.},
    institution = {Sandia Laboratories},
    address = {Albuquerque, NM}
}

@article{Goto2007ExplosivelyCylinders,
    title = {{Explosively driven facture and fragmentation of metal cylinders and rings Investigation of the fracture and fragmentation of explosively driven rings and cylinders}},
    year = {2007},
    author = {Goto, D M and Becker, R C and Orzechowski, T J and Springer, H K and Sunwoo, A J and Syn, C K},
    url = {https://e-reports-ext.llnl.gov/pdf/342265.pdf}
}

@techreport{Breech2011ExtensionCharge,
    title = {{Extension of the Gurney Equations to Two Dimensions for a Cylindrical Charge}},
    year = {2011},
    author = {Breech, Benjamin A},
    url = {http://www.arl.army.mil/arlreports/2011/ARL-TR-5467.pdf}
}

@inproceedings{Grenoble2018FabricationApplications,
    title = {{Fabrication of a Composite Tow-Steered Structure for Air-Launch Vehicle Applications}},
    year = {2018},
    booktitle = {2018 AIAA/ASCE/AHS/ASC Structures, Structural Dynamics, and Materials Conference},
    author = {Grenoble, Ray W. and Nguyen, Thuan and McKenney, Martin J. and Przekop, Adam and Juarez, Peter D. and Gregory, Elizabeth D. and Jegley, Dawn C.},
    month = {1},
    publisher = {American Institute of Aeronautics and Astronautics},
    url = {https://arc.aiaa.org/doi/10.2514/6.2018-1376},
    address = {Reston, Virginia},
    isbn = {978-1-62410-532-6},
    doi = {10.2514/6.2018-1376}
}

@article{Jaansalu2007FragmentCylinders,
    title = {{Fragment Velocities from Thermobaric Explosives in Metal Cylinders}},
    year = {2007},
    journal = {Propellants, Explosives, Pyrotechnics},
    author = {Jaansalu, Kevin M. and Dunning, Michael R. and Andrews, William S.},
    number = {1},
    month = {2},
    pages = {80--86},
    volume = {32},
    publisher = {Wiley-Blackwell},
    url = {http://doi.wiley.com/10.1002/prep.200700011},
    doi = {10.1002/prep.200700011},
    issn = {07213115},
    keywords = {Fragment Velocity, Gurney Equation, Materials, Thermobaric Explosives}
}

@article{Gold2017FragmentationWarheads,
    title = {{Fragmentation model for large L/D (Length over Diameter) explosive fragmentation warheads}},
    year = {2017},
    author = {Gold, Vladimir M},
    url = {https://ac-els-cdn-com.afit.idm.oclc.org/S221491471730079X/1-s2.0-S221491471730079X-main.pdf?_tid=14464918-14c5-4b4e-bf30-52fa4c846e02&acdnat=1529552771_27af5b8cce6a748c8b9819f5d84d6077},
    doi = {10.1016/j.dt.2017.05.007},
    keywords = {Explosive fragmentation modeling, Fragmentation warhead lethality performance, Mott model, Natural fragmentation, PAFRAG}
}

@article{Shen2017InfluenceShell,
    title = {{Influence of Localized Melting on Dynamic Fracture Behaviours of Metallic Shell}},
    year = {2017},
    journal = {Propellants, Explosives, Pyrotechnics},
    author = {Shen, Zheng-xiang and Yang, Hui and Li, Ya-zhe and Wang, Fang and Zhou, Chun-hua and Zhou, Ke},
    number = {8},
    month = {8},
    pages = {906--911},
    volume = {42},
    publisher = {Wiley-Blackwell},
    url = {http://doi.wiley.com/10.1002/prep.201700051},
    doi = {10.1002/prep.201700051},
    issn = {07213115},
    keywords = {Cylindrical shell, Fragmentation, Hardness, Impact energy, Localized melting}
}

@article{Liu2015InvestigationPowder,
    title = {{Investigation into spatter behavior during selective laser melting of AISI 316L stainless steel powder}},
    year = {2015},
    author = {Liu, Yang and Yang, Yongqiang and Mai, Shuzhen and Wang, Di and Song, Changhui},
    url = {https://ac-els-cdn-com.afit.idm.oclc.org/S0264127515303361/1-s2.0-S0264127515303361-main.pdf?_tid=eb38c598-3d60-462b-9611-f73375d8c928&acdnat=1523233944_0a58bcb184bcccedf2965ba62eb5a718},
    doi = {10.1016/j.matdes.2015.08.086},
    keywords = {High-speed photography, Inclusions, Selective laser melting, Spatter behavior, Stainless steel powder, Tensile properties}
}

@article{InvestigationTests,
    title = {{Investigation of blast and fragmentation loading characteristics – Field tests}},
    url = {https://ac-els-cdn-com.afit.idm.oclc.org/S0141029618304103/1-s2.0-S0141029618304103-main.pdf?_tid=295b0aab-18ef-4710-828c-2d342d314679&acdnat=1532762361_169e58882ec62224d722ce26074af5c5}
}

@article{Khairallah2016LaserZones,
    title = {{Laser powder-bed fusion additive manufacturing: Physics of complex melt flow and formation mechanisms of pores, spatter, and denudation zones}},
    year = {2016},
    journal = {Acta Materialia},
    author = {Khairallah, Saad A and Anderson, Andrew T and Rubenchik, Alexander and King, Wayne E},
    pages = {36--45},
    volume = {108},
    url = {https://ac-els-cdn-com.afit.idm.oclc.org/S135964541630088X/1-s2.0-S135964541630088X-main.pdf?_tid=70222323-c954-4118-baab-57cab5dbf649&acdnat=1523234043_e0e268b5c501573739d81c9fe7c4597a},
    doi = {10.1016/j.actamat.2016.02.014},
    keywords = {3D printing, Additive manufacturing, Computer simulations, Defect, Heat flow, Laser powder bed fusion, Metal, Selective laser melting, Solidification}
}

@article{Galy2018MainConsequences,
    title = {{Main defects observed in aluminum alloy parts produced by SLM: From causes to consequences}},
    year = {2018},
    author = {Galy, Cassiopée and Le Guen, Emilie and Lacoste, Eric and Arvieu, Corinne},
    url = {https://ac-els-cdn-com.afit.idm.oclc.org/S2214860417303226/1-s2.0-S2214860417303226-main.pdf?_tid=4f87496e-b741-4a43-bfe6-370a0274ec2f&acdnat=1526872680_987623b8f7eb0a6f73ff6dbffa4eb91b},
    doi = {10.1016/j.addma.2018.05.005},
    keywords = {Aluminum alloys, Defects, Selective Laser Melting (SLM)}
}

@article{Gokuldoss2017MaterialsGuidelines,
    title = {{materials Additive Manufacturing Processes: Selective Laser Melting, Electron Beam Melting and Binder Jetting-Selection Guidelines}},
    year = {2017},
    author = {Gokuldoss, Prashanth Konda and Kolla, Sri and Eckert, Jürgen and Stampfl, Juergen},
    url = {www.mdpi.com/journal/materials},
    doi = {10.3390/ma10060672},
    keywords = {additive manufacturing, electron beam melting, selective laser melting}
}

@article{Mower2015MechanicalMaterials,
    title = {{Mechanical behavior of additive manufactured, powder-bed laser-fused materials}},
    year = {2015},
    journal = {Materials Science {\&} Engineering A},
    author = {Mower, Todd M and Long, Michael J},
    pages = {198--213},
    volume = {651},
    url = {http://dx.doi.org/10.1016/j.msea.2015.10.068},
    doi = {10.1016/j.msea.2015.10.068},
    keywords = {Aluminum alloys, Cyclic fatigue, Powder-bed fusion, Stainless steel alloys, Titanium alloys}
}

@techreport{LumMECHANICALTECHNOLOGY,
    title = {{MECHANICAL PROPERTIES OF ADDITIVELY MANUFACTURED STAINLESS STEEL THESIS AIR FORCE INSTITUTE OF TECHNOLOGY}},
    author = {Lum, Eric W and Air Force Base, Wright-Patterson},
    url = {http://www.dtic.mil/dtic/tr/fulltext/u2/1055354.pdf}
}

@article{Heeling2017MeltMelting,
    title = {{Melt pool simulation for the evaluation of process parameters in selective laser melting}},
    year = {2017},
    journal = {Additive Manufacturing},
    author = {Heeling, Thorsten and Cloots, Michael and Wegener, Konrad},
    pages = {116--125},
    volume = {14},
    url = {https://ac-els-cdn-com.afit.idm.oclc.org/S221486041630313X/1-s2.0-S221486041630313X-main.pdf?_tid=cdfc733f-034f-4bcd-bf32-ea56e7c49107&acdnat=1525655069_ce8895258616bf9c7d753d759d31075e},
    doi = {10.1016/j.addma.2017.02.003},
    keywords = {Additive manufacturing, Melt pool dynamics, Powder bed fusion, Selective laser melting, Simulation}
}

@article{RafiMicrostructuresMelting,
    title = {{Microstructures and Mechanical Properties of Ti6Al4V Parts Fabricated by Selective Laser Melting and Electron Beam Melting}},
    author = {Rafi, H K and Karthik, N V and Gong, Haijun and Starr, Thomas L and Stucker, Brent E},
    url = {https://link.springer.com/content/pdf/10.1007%2Fs11665-013-0658-0.pdf},
    doi = {10.1007/s11665-013-0658-0},
    keywords = {EBM, SLM, fatigue testing, microstructure, tensile testing}
}

@article{Cheng2014OnValidation,
    title = {{On Process Temperature in Powder-Bed Electron Beam Additive Manufacturing: Model Development and Validation}},
    year = {2014},
    journal = {Journal of Manufacturing Science and Engineering},
    author = {Cheng, Bo and Price, Steven and Lydon, James and Cooper, Kenneth and Chou, Kevin},
    number = {6},
    pages = {061018},
    volume = {136},
    url = {http://manufacturingscience.asmedigitalcollection.asme.org/article.aspx?doi=10.1115/1.4028484},
    isbn = {1087-1357},
    doi = {10.1115/1.4028484},
    issn = {1087-1357}
}

@article{Hutchinson2014OnFracture,
    title = {{On the continued acceleration of bomb casing fragments following casing fracture}},
    year = {2014},
    author = {Hutchinson, Michael D and Price, David W},
    url = {http://dx.doi.org/10.1016/j.dt.2014.06.001},
    doi = {10.1016/j.dt.2014.06.001},
    keywords = {Analytical and numerical calculation, Bomb casing, Fracture, Fragment acceleration, Gas escape}
}

@article{Simchi2003OnTooling,
    title = {{On the development of direct metal laser sintering for rapid tooling}},
    year = {2003},
    journal = {Journal of Materials Processing Technology},
    author = {Simchi, A and Petzoldt, F and Pohl, H},
    pages = {319--328},
    volume = {141},
    url = {https://ac-els-cdn-com.afit.idm.oclc.org/S0924013603002838/1-s2.0-S0924013603002838-main.pdf?_tid=e669e4e7-f044-4dd9-99db-2c91f15c3711&acdnat=1537987824_d8afe336beb0a665eb4884dd2aa26217},
    doi = {10.1016/S0924-0136(03)00283-8},
    keywords = {Direct metal laser sintering, Mechanical properties, Microstructure, Rapid prototyping, Rapid tooling, Steel powder}
}

@article{Slotwinski2014PorosityControl,
    title = {{Porosity Measurements and Analysis for Metal Additive Manufacturing Process Control}},
    year = {2014},
    author = {Slotwinski, John A and Garboczi, Edward J and Hebenstreit, Keith M},
    volume = {119},
    url = {http://dx.doi.org/10.6028/jres.119.019},
    doi = {10.6028/jres.119.019},
    keywords = {Archimedes, Direct Metal Laser Sintering, X-ray computed tomography, additive manufacturing, cobalt-chrome, porosity, powder bed fusion, ultrasonic NDT}
}

@article{RCase,
    title = {{R =204 TNT Steel case}},
    url = {https://pdfs.semanticscholar.org/d703/3a632d53a533efb210d2ea989633985b5e9e.pdf}
}

@inproceedings{Hiroe2004RapidLoads,
    title = {{Rapid Expansion and Fracture of Metallic Cylinders Driven by Explosive Loads}},
    year = {2004},
    booktitle = {AIP Conference Proceedings},
    author = {Hiroe, T. and Fujiwara, K. and Abe, T. and Yoshida, M.},
    number = {1},
    month = {8},
    pages = {465--468},
    volume = {706},
    publisher = {AIP},
    url = {http://aip.scitation.org/doi/abs/10.1063/1.1780278},
    doi = {10.1063/1.1780278},
    issn = {0094243X},
    keywords = {carbon steel, deformation, explosions, fracture, numerical analysis, organic compounds, stainless steel}
}

@inproceedings{Hiroe2004RapidLoadsb,
    title = {{Rapid Expansion and Fracture of Metallic Cylinders Driven by Explosive Loads}},
    year = {2004},
    booktitle = {AIP Conference Proceedings},
    author = {Hiroe, T. and Fujiwara, K. and Abe, T. and Yoshida, M.},
    number = {1},
    month = {8},
    pages = {465--468},
    volume = {706},
    publisher = {AIP},
    url = {http://aip.scitation.org/doi/abs/10.1063/1.1780278},
    doi = {10.1063/1.1780278},
    issn = {0094243X},
    keywords = {carbon steel, deformation, explosions, fracture, numerical analysis, organic compounds, stainless steel}
}

@article{Zhang2003RelationShell,
    title = {{Relation of fragment with air shock wave intensity for explosion in a shell}},
    year = {2003},
    journal = {International Journal of Impact Engineering},
    author = {Zhang, Qi and Miao, Chang-Qing and Lin, Da-Chao and Bai, Chun-Hua},
    pages = {1129--1141},
    volume = {28},
    url = {https://ac-els-cdn-com.afit.idm.oclc.org/S0734743X03000046/1-s2.0-S0734743X03000046-main.pdf?_tid=a08db613-cc2f-46b2-ab28-1995deba9e31&acdnat=1534623089_21cd511e7779506106df053747133670},
    doi = {10.1016/S0734-743X(03)00004-6},
    keywords = {Air shock wave, Explosion, Fragment, Projectile shell}
}

@article{Simson2017ResidualMelting,
    title = {{Residual stress measurements on AISI 316L samples manufactured by selective laser melting}},
    year = {2017},
    journal = {Additive Manufacturing},
    author = {Simson, Thomas and Emmel, Andreas and Dwars, Anja and B{\"{o}}hm, Juliane},
    pages = {183--189},
    volume = {17},
    url = {https://ac-els-cdn-com.afit.idm.oclc.org/S2214860417301604/1-s2.0-S2214860417301604-main.pdf?_tid=504ca93d-bd04-4183-9da6-870e501bb2a6&acdnat=1525057682_119efafc2daa32bb76978eabaf96eded},
    doi = {10.1016/j.addma.2017.07.007},
    keywords = {AISI 316L, Energy density, Residual stress, Selective laser melting (SLM), X-ray diffraction (XRD)}
}

@inproceedings{Singer2018TestingPanels,
    title = {{Testing and analysis of pretensioned knitted interlock carbon fiber textile panels}},
    year = {2018},
    booktitle = {2018 AIAA/ASCE/AHS/ASC Structures, Structural Dynamics, and Materials Conference},
    author = {Singer, David and Waas, Anthony M.},
    month = {1},
    publisher = {American Institute of Aeronautics and Astronautics},
    url = {https://arc.aiaa.org/doi/10.2514/6.2018-1374},
    address = {Reston, Virginia},
    isbn = {978-1-62410-532-6},
    doi = {10.2514/6.2018-1374}
}

@article{Pal2016TheSintering,
    title = {{The effect of post-processing and machining process parameters on properties of Stainless Steel PH1 product produced by Direct Metal Laser Sintering}},
    year = {2016},
    journal = {Procedia Engineering},
    author = {Pal, Snehashis and Reddy Tiyyagura, Hanuma and Drstven{\v{s}}ek, Igor and Kumar, Siva},
    pages = {359--365},
    volume = {149},
    url = {www.sciencedirect.com},
    doi = {10.1016/j.proeng.2016.06.679},
    keywords = {Direct Metal Laser Sintering (DMLS), Scanning Electron Microscopy (SEM), Stainless Steel PH1, elemental analysis, energy densities, mechanical properties, surface morphology}
}

@article{Jones2012TheRings,
    title = {{The effects of axial length on the fracture and fragmentation of expanding rings}},
    year = {2012},
    journal = {EPJ Web of Conferences},
    author = {Jones, D R and Eakins, D E and Savinykh, A S and Razorenov, S V},
    pages = {1032},
    volume = {26},
    url = {http://dx.doi.org/10.1051/epjconf/20122601032},
    doi = {10.1051/epjconf/20122601032}
}

@article{Czarnota2017TheMetals,
    title = {{The structure of steady shock waves in porous metals}},
    year = {2017},
    journal = {Journal of the Mechanics and Physics of Solids},
    author = {Czarnota, Christophe and Molinari, Alain and Mercier, Sébastien},
    pages = {204--228},
    volume = {107},
    url = {www.elsevier.com/locate/jmps},
    doi = {10.1016/j.jmps.2017.06.005},
    keywords = {Inertia effects, Porous material, Shock waves}
}